@article{neural-networks,
  author = {Geoffrey E. Hinton and Simon Osindero and Yee-Whye Teh},
  title = {A fast learning algorithm for deep belief nets},
  journal = {Neural computation},
  volume = {18},
  number = {7},
  pages = {1527--1554},
  year = {2006},
  publisher = {MIT Press},
}

@article{genetic-programming,
  author = {Wolfgang Banzhaf and Peter Nordin and Robert E. Keller and Frank D. Francone},
  title = {{Genetic Programming: An Introduction}},
  subtitle = {{On the Automatic Evolution of Computer Programs and Its Applications}},
  year = {1997},
  isbn = {978-1558605107},
  publisher = {{Morgan Kaufmann Publishers}},
}

@misc{abbey-ov-thelema,
	author = {{Abbey ov Thelema}},
	title = {{MMXII: Here \& Now - At the Threshold ov End Times}},
	year = {2012},
	url = {http://bandzone.cz/abbeyovthelema},
	urldate = {2013-05-04},
}

@thesis{fithesis,
	author = {Stanislav Filipčík},
	title = {{LaTeX Thesis Style}},
	type = {bachelor thesis},
	institution = {Faculty of Informatics Masaryk University},
	year = {2009},
	url = {http://is.muni.cz/th/173173/fi_b/},
	urldate = {2013-05-04},
}

@online{sox,
	author = {Chris Bagwell and others},
	title = {{SoX}},
	subtitle = {{the Swiss Army knife of sound processing programs}},
	year = {1991},
	url = {http://sox.sourceforge.net/},
	urldate = {2013-05-04},
}

@online{estream-competition,
	author = {{European Network of Excellence for Cryptology}},
	title = {{eStream project}},
	subtitle = {Call for Stream Cipher Primitives},
	year = {2005},
	url = {http://www.ecrypt.eu.org/stream/call/},
	urldate = {2013-05-04},
}

@online{sha3-competition,
	author = {{National Institute for Standards and Technology}},
	title = {{SHA-3}},
	subtitle = {Cryptographic hash algorithm competition},
	year = {2007},
	url = {http://csrc.nist.gov/groups/ST/hash/sha-3/index.html},
	urldate = {2013-05-04},
}

@misc{crocs,
	author = {{Centre for Research on Cryptography and Security}},
	url = {http://www.fi.muni.cz/crocs},
	urldate = {2013-05-16},
}

@misc{labak,
	author = {{Laboratory of Security and Applied Cryptography}},
	organization = {Faculty of Informatics Masaryk University},
	url = {http://www.fi.muni.cz/research/laboratories/labak/},
	urldate = {2013-05-07},
}

@inproceedings{yet-another-channel,
	author = {Petr Švenda and Vashek Matyáš},
	organization = {Faculty of Informatics Masaryk University},
	title = {On the origin of yet another channel},
	eventtitle = {Twenty-first International Workshop on Security Protocols},
	eventdate = {2013-03-19},
	year = {2013},
	url = {http://spw.stca.herts.ac.uk/},
	urldate = {2013-05-04},
}

@unpublished{lab-paper,
	author = {Vashek Matyáš and Petr Švenda and Martin Ukrop},
	organization = {Laboratory of Security and Applied Cryptography, Masaryk University},
	title = {Towards cryptographic function distinguishers with evolutionary circuits},
	year = {2013},
}

@online{galib,
	author = {Matthew Wall},
	organization = {Massachusetts Institute of Technology},
	title = {{GAlib}},
	subtitle = {{A C++ Library of Genetic Algorithm Components}},
	year = {1995},
	url = {http://lancet.mit.edu/ga/},
	urldate = {2013-05-04},
}

@online{catch,
	author = {Phil Nash},
	title = {{CATCH}},
	subtitle = {{C++ Automated Test Cases in Headers}},
	year = {2010},
	url = {http://github.com/philsquared/Catch},
	urldate = {2013-05-04},
}

@online{tinyxml,
	author = {Lee Thomason},
	title = {{TinyXML}},
	subtitle = {{simple, small, C++ XML parser}},
	year = {2000},
	url = {http://www.grinninglizard.com/tinyxml/},
	urldate = {2013-05-04},
}

@online{graphviz,
	author = {Arif Bilgin and Don Caldwell and John Ellson and Emden Gansner and Yifan Hu and Stephen North and others},
	title = {Graphviz},
	subtitle = {{Graph Visualization Software}},
	organization = {{AT\&T Research}},
	year = {1988},
	url = {http://www.graphviz.org/},
	urldate = {2013-05-04},
}

@online{eacirc-github,
	author = {Matej Prišťák and Petr Švenda and Martin Ukrop and others},
	title = {EACirc},
	subtitle = {Framework for autmatic search for problem solving circuit via Evolutionary algorithms},
	organization = {Laboratory of Security and Applied Cryptography, Masaryk University},
	year = {2012},
	url = {http://github.com/petrs/EACirc},
	urldate = {2013-05-04},
}

@thesis{thesis-dubovec,
  author = {Ondrej Dubovec},
  title = {{Automated search for dependencies in SHA-3 hash function candidates}},
  type = {bachelor thesis},
  institution = {Faculty of Informatics Masaryk University},
  year = {2012},
  url = {http://is.muni.cz/th/324866/fi_b_a2/},
  urldate = {2013-05-04},
}

@thesis{thesis-pristak,
  author = {Matej Prišťák},
  title = {{Automated search for dependencies in eStream stream ciphers}},
  type = {master thesis},
  institution = {Faculty of Informatics Masaryk University},
  year = {2012},
  url = {http://is.muni.cz/th/172546/fi_m/},
  urldate = {2013-05-04},
}

@online{dieharder,
  author = {Robert G. Brown},
  organization = {Duke University Physics Department},
  title = {Dieharder},
  subtitle = {{A Random Number Test Suite}},
  year = {2004},
  version = {Version 3.31.1},
  url = {http://www.phy.duke.edu/~rgb/General/dieharder.php},
  urldate = {2013-05-03},
}

@online{qrng-service-croatia,
  author = {{Centre for Informatics and Computing}},
  organization = {Ruđer Bošković Institute, Zagreb},
  title = {{Quantum Random Bit Generator Service}},
  year = {2007},
  url = {http://random.irb.hr/index.php},
  urldate = {2013-05-03},
}

@online{qrng-service-germany,
  author = {{Nano-Optics groups (Department of Physics) and PicoQuant GmbH}},
  organization = {Humboldt University of Berlin},
  title = {High Bit Rate Quantum Random Number Generator Service},
  year = {2010},
  url = {http://qrng.physik.hu-berlin.de/},
  urldate = {2013-05-03},
}

@online{diehard,
  author = {George Marsaglia},
  organization = {Floridan State University},
  title = {Diehard Battery of Tests of Randomness},
  year = {1995},
  url = {http://www.stat.fsu.edu/pub/diehard/},
  urldate = {2013-05-03},
}

@online{sts-nist,
  author = {{Random Number Generation Technical Working Group}},
  organization = {National Institute for Standards and Technology},
  title = {Statistical Test Suite},
  version = {Version 2.1.1},
  year = {1997},
  url = {http://csrc.nist.gov/groups/ST/toolkit/rng/index.html},
  urldate = {2013-05-03},
}

@article{sts-nist-documentation,
  author = {Andrew Rukhin and others},
  title = {{A Statistical Test Suite for Random and Pseudorandom Number Generators for Cryptographic Applications}},
  journaltitle = {NIST Special Publication 800-22rev1a},
  year = {2010},
  url = {http://csrc.nist.gov/groups/ST/toolkit/rng/documents/SP800-22rev1a.pdf},
}